@article{li2021causal,
  title={Causal inference under network interference with noise},
  author={Li, Wenrui and Sussman, Daniel L and Kolaczyk, Eric D},
  journal={arXiv preprint arXiv:2105.04518},
  year={2021}
}

@inproceedings{ma2021causal,
  title={Causal inference under networked interference and intervention policy enhancement},
  author={Ma, Yunpu and Tresp, Volker},
  booktitle={International Conference on Artificial Intelligence and Statistics},
  pages={3700--3708},
  year={2021},
  organization={PMLR}
}

@article{aronow2017estimating,
  title={Estimating average causal effects under general interference, with application to a social network experiment},
  author={Aronow, Peter M and Samii, Cyrus},
  year={2017}
}

@article{forastiere2021identification,
  title={Identification and estimation of treatment and interference effects in observational studies on networks},
  author={Forastiere, Laura and Airoldi, Edoardo M and Mealli, Fabrizia},
  journal={Journal of the American Statistical Association},
  volume={116},
  number={534},
  pages={901--918},
  year={2021},
  publisher={Taylor \& Francis}
}

@article{cox1958planning,
  title={Planning of experiments.},
  author={Cox, David Roxbee},
  year={1958},
  publisher={Wiley}
}